@article{code-duplicate-template,
  title={A Study on the Method of Removing Code Duplication Using Code Template},
  author={Woochang Shin},
  year={2019}
}

@online{kiota,
  title={Kiota},
  author={Microsoft},
  url = {https://github.com/microsoft/kiota},
  urldate={2024-03-31}
}

@online{open-api,
  title={OpenAPI},
  author={OpenAPI Initiative},
  url = {https://www.openapis.org/},
  urldate={2024-03-31}
}

@online{swagger,
  title={Swagger},
  author={SmartBear Software},
  url = {https://swagger.io/},
  urldate={2024-03-31}
}

@online{github-move-to-auto-sdk,
  title={Our move to generated SDKs},
  author={Nick Floyd},
  url = {https://github.blog/2024-01-03-our-move-to-generated-sdks/},
  year={2024},
  urldate={2024-03-31}
}

@online{elastic-search-ndc,
  title={Writing Code with Code: Getting Started with the Roslyn APIs},
  author={Steve Gordon},
  url = {https://www.youtube.com/watch?v=2AtNjxnwxZk},
  year={2021},
  urldate={2024-04-04}
}

@online{open-api-tools,
  title={OpenAPI Tools},
  author={OpenAPI Tools},
  url = {https://github.com/OpenAPITools},
  urldate={2024-04-14}
}

@online{ to_open_api_csharp,
  title={ASP.NET Core web API documentation with Swagger / OpenAPI},
  author={Christoph Nienaber and Rico Suter},
  url = {https://learn.microsoft.com/en-us/aspnet/core/tutorials/web-api-help-pages-using-swagger?view=aspnetcore-8.0},
  urldate={2024-04-25}
}

@online{ to_open_api_java,
  title={Documenting a Spring REST API Using OpenAPI 3.0},
  author={baeldung},
  url = {https://www.baeldung.com/spring-rest-openapi-documentation"},
  urldate={2024-04-25}
}


@online{ to_open_api_typescript,
  title={Auto-generating OpenAPI documents with TypeScript interfaces},
  author={Fran√ßois Wouts},
  url = {https://www.highlight.io/blog/auto-generating-open-api-documents-with-type-script-interfaces},
  urldate={2024-04-25}
}

@online{ case_camel,
  title={Camel case},
  author={Joshua Chen and "wbamberg" and Hamish Willee},
  url = {https://developer.mozilla.org/en-US/docs/Glossary/Camel_case},
  urldate={2024-05-03}
}
@online{ case_snake,
  title={Snake case},
  author={Joshua Chen and "wbamberg" and Hamish Willee},
  url = {https://developer.mozilla.org/en-US/docs/Glossary/Snake_case},
  urldate={2024-05-03}
}
@online{ case_pascal,
  title={Pascal case},
  author={Cameron McKenzie},
  url = {https://www.theserverside.com/definition/Pascal-case},
  urldate={2024-05-03}
}

@online{ semantic_version,
  title={Semantic Versioning 2.0.0},
  author={Tom Preston-Werner},
  url = {https://semver.org/},
  urldate={2024-05-14}
}

@online{ yaml_definiton,
  title={YAML Specifications},
  author={YAML Language Development Team},
  url = {https://yaml.org/spec/1.2.2/},
  urldate={2024-05-14}
}